%YAML 1.1
%TAG !u! tag:unity3d.com,2011:
--- !u!1 &2277667938024461661
GameObject:
  m_ObjectHideFlags: 0
  m_CorrespondingSourceObject: {fileID: 0}
  m_PrefabInstance: {fileID: 0}
  m_PrefabAsset: {fileID: 0}
  serializedVersion: 6
  m_Component:
  - component: {fileID: 2277667938024461474}
  - component: {fileID: 4012618817924099667}
  m_Layer: 0
  m_Name: Floor_A (6)
  m_TagString: Untagged
  m_Icon: {fileID: 0}
  m_NavMeshLayer: 0
  m_StaticEditorFlags: 0
  m_IsActive: 1
--- !u!4 &2277667938024461474
Transform:
  m_ObjectHideFlags: 0
  m_CorrespondingSourceObject: {fileID: 0}
  m_PrefabInstance: {fileID: 0}
  m_PrefabAsset: {fileID: 0}
  m_GameObject: {fileID: 2277667938024461661}
  m_LocalRotation: {x: -0, y: -0, z: -0, w: 1}
  m_LocalPosition: {x: 7.637015, y: 4.439111, z: 13.389278}
  m_LocalScale: {x: 1, y: 1, z: 1}
  m_Children:
  - {fileID: 1734272408888416656}
  - {fileID: 1734272409730341834}
  - {fileID: 1734272409590311685}
  - {fileID: 1734272408116143523}
  - {fileID: 1734272408105116369}
  - {fileID: 1734272409219395909}
  - {fileID: 1734272409794791900}
  m_Father: {fileID: 0}
  m_RootOrder: 0
  m_LocalEulerAnglesHint: {x: 0, y: 0, z: 0}
--- !u!65 &4012618817924099667
BoxCollider:
  m_ObjectHideFlags: 0
  m_CorrespondingSourceObject: {fileID: 0}
  m_PrefabInstance: {fileID: 0}
  m_PrefabAsset: {fileID: 0}
  m_GameObject: {fileID: 2277667938024461661}
  m_Material: {fileID: 0}
  m_IsTrigger: 0
  m_Enabled: 1
  serializedVersion: 2
  m_Size: {x: 4.87, y: 13.1947, z: 6.67}
  m_Center: {x: 0, y: -6.5775, z: 0}
--- !u!1001 &2277667938106945079
PrefabInstance:
  m_ObjectHideFlags: 0
  serializedVersion: 2
  m_Modification:
    m_TransformParent: {fileID: 2277667938024461474}
    m_Modifications:
    - target: {fileID: -8679921383154817045, guid: 1951fd0cefdd6684aaebf378429351e9,
        type: 3}
      propertyPath: m_LocalPosition.x
      value: -0.059999943
      objectReference: {fileID: 0}
    - target: {fileID: -8679921383154817045, guid: 1951fd0cefdd6684aaebf378429351e9,
        type: 3}
      propertyPath: m_LocalPosition.y
      value: -8.758
      objectReference: {fileID: 0}
    - target: {fileID: -8679921383154817045, guid: 1951fd0cefdd6684aaebf378429351e9,
        type: 3}
      propertyPath: m_LocalPosition.z
      value: -0.049999952
      objectReference: {fileID: 0}
    - target: {fileID: -8679921383154817045, guid: 1951fd0cefdd6684aaebf378429351e9,
        type: 3}
      propertyPath: m_LocalRotation.x
      value: -0.5
      objectReference: {fileID: 0}
    - target: {fileID: -8679921383154817045, guid: 1951fd0cefdd6684aaebf378429351e9,
        type: 3}
      propertyPath: m_LocalRotation.y
      value: -0.5
      objectReference: {fileID: 0}
    - target: {fileID: -8679921383154817045, guid: 1951fd0cefdd6684aaebf378429351e9,
        type: 3}
      propertyPath: m_LocalRotation.z
      value: -0.5
      objectReference: {fileID: 0}
    - target: {fileID: -8679921383154817045, guid: 1951fd0cefdd6684aaebf378429351e9,
        type: 3}
      propertyPath: m_LocalRotation.w
      value: 0.5
      objectReference: {fileID: 0}
    - target: {fileID: -8679921383154817045, guid: 1951fd0cefdd6684aaebf378429351e9,
        type: 3}
      propertyPath: m_RootOrder
      value: 6
      objectReference: {fileID: 0}
    - target: {fileID: -8679921383154817045, guid: 1951fd0cefdd6684aaebf378429351e9,
        type: 3}
      propertyPath: m_LocalEulerAnglesHint.x
      value: -90.00001
      objectReference: {fileID: 0}
    - target: {fileID: -8679921383154817045, guid: 1951fd0cefdd6684aaebf378429351e9,
        type: 3}
      propertyPath: m_LocalEulerAnglesHint.y
      value: 0
      objectReference: {fileID: 0}
    - target: {fileID: -8679921383154817045, guid: 1951fd0cefdd6684aaebf378429351e9,
        type: 3}
      propertyPath: m_LocalEulerAnglesHint.z
      value: -90
      objectReference: {fileID: 0}
    - target: {fileID: 919132149155446097, guid: 1951fd0cefdd6684aaebf378429351e9,
        type: 3}
      propertyPath: m_Name
      value: Wall_02 (1)
      objectReference: {fileID: 0}
    m_RemovedComponents: []
  m_SourcePrefab: {fileID: 100100000, guid: 1951fd0cefdd6684aaebf378429351e9, type: 3}
--- !u!4 &1734272409794791900 stripped
Transform:
  m_CorrespondingSourceObject: {fileID: -8679921383154817045, guid: 1951fd0cefdd6684aaebf378429351e9,
    type: 3}
  m_PrefabInstance: {fileID: 2277667938106945079}
  m_PrefabAsset: {fileID: 0}
--- !u!1001 &2277667938171468833
PrefabInstance:
  m_ObjectHideFlags: 0
  serializedVersion: 2
  m_Modification:
    m_TransformParent: {fileID: 2277667938024461474}
    m_Modifications:
    - target: {fileID: -8679921383154817045, guid: 1e7379bb3d16a024d844e0c88dfa1be5,
        type: 3}
      propertyPath: m_LocalPosition.x
      value: -0.06099999
      objectReference: {fileID: 0}
    - target: {fileID: -8679921383154817045, guid: 1e7379bb3d16a024d844e0c88dfa1be5,
        type: 3}
      propertyPath: m_LocalPosition.y
      value: -0.20799994
      objectReference: {fileID: 0}
    - target: {fileID: -8679921383154817045, guid: 1e7379bb3d16a024d844e0c88dfa1be5,
        type: 3}
      propertyPath: m_LocalPosition.z
      value: 0.029999971
      objectReference: {fileID: 0}
    - target: {fileID: -8679921383154817045, guid: 1e7379bb3d16a024d844e0c88dfa1be5,
        type: 3}
      propertyPath: m_LocalRotation.x
      value: -0.5
      objectReference: {fileID: 0}
    - target: {fileID: -8679921383154817045, guid: 1e7379bb3d16a024d844e0c88dfa1be5,
        type: 3}
      propertyPath: m_LocalRotation.y
      value: -0.5
      objectReference: {fileID: 0}
    - target: {fileID: -8679921383154817045, guid: 1e7379bb3d16a024d844e0c88dfa1be5,
        type: 3}
      propertyPath: m_LocalRotation.z
      value: -0.5
      objectReference: {fileID: 0}
    - target: {fileID: -8679921383154817045, guid: 1e7379bb3d16a024d844e0c88dfa1be5,
        type: 3}
      propertyPath: m_LocalRotation.w
      value: 0.5
      objectReference: {fileID: 0}
    - target: {fileID: -8679921383154817045, guid: 1e7379bb3d16a024d844e0c88dfa1be5,
        type: 3}
      propertyPath: m_RootOrder
      value: 1
      objectReference: {fileID: 0}
    - target: {fileID: -8679921383154817045, guid: 1e7379bb3d16a024d844e0c88dfa1be5,
        type: 3}
      propertyPath: m_LocalEulerAnglesHint.x
      value: -90.00001
      objectReference: {fileID: 0}
    - target: {fileID: -8679921383154817045, guid: 1e7379bb3d16a024d844e0c88dfa1be5,
        type: 3}
      propertyPath: m_LocalEulerAnglesHint.y
      value: 0
      objectReference: {fileID: 0}
    - target: {fileID: -8679921383154817045, guid: 1e7379bb3d16a024d844e0c88dfa1be5,
        type: 3}
      propertyPath: m_LocalEulerAnglesHint.z
      value: -90
      objectReference: {fileID: 0}
    - target: {fileID: 919132149155446097, guid: 1e7379bb3d16a024d844e0c88dfa1be5,
        type: 3}
      propertyPath: m_Name
      value: Wall_01
      objectReference: {fileID: 0}
    m_RemovedComponents: []
  m_SourcePrefab: {fileID: 100100000, guid: 1e7379bb3d16a024d844e0c88dfa1be5, type: 3}
--- !u!4 &1734272409730341834 stripped
Transform:
  m_CorrespondingSourceObject: {fileID: -8679921383154817045, guid: 1e7379bb3d16a024d844e0c88dfa1be5,
    type: 3}
  m_PrefabInstance: {fileID: 2277667938171468833}
  m_PrefabAsset: {fileID: 0}
--- !u!1001 &2277667938319813870
PrefabInstance:
  m_ObjectHideFlags: 0
  serializedVersion: 2
  m_Modification:
    m_TransformParent: {fileID: 2277667938024461474}
    m_Modifications:
    - target: {fileID: -8679921383154817045, guid: 059f2d6b8ca0bf94d9b64eb68c8afc8e,
        type: 3}
      propertyPath: m_LocalPosition.x
      value: 1.1800001
      objectReference: {fileID: 0}
    - target: {fileID: -8679921383154817045, guid: 059f2d6b8ca0bf94d9b64eb68c8afc8e,
        type: 3}
      propertyPath: m_LocalPosition.y
      value: -0.29799998
      objectReference: {fileID: 0}
    - target: {fileID: -8679921383154817045, guid: 059f2d6b8ca0bf94d9b64eb68c8afc8e,
        type: 3}
      propertyPath: m_LocalPosition.z
      value: 3.28
      objectReference: {fileID: 0}
    - target: {fileID: -8679921383154817045, guid: 059f2d6b8ca0bf94d9b64eb68c8afc8e,
        type: 3}
      propertyPath: m_LocalRotation.x
      value: -0.5055343
      objectReference: {fileID: 0}
    - target: {fileID: -8679921383154817045, guid: 059f2d6b8ca0bf94d9b64eb68c8afc8e,
        type: 3}
      propertyPath: m_LocalRotation.y
      value: -0.49440387
      objectReference: {fileID: 0}
    - target: {fileID: -8679921383154817045, guid: 059f2d6b8ca0bf94d9b64eb68c8afc8e,
        type: 3}
      propertyPath: m_LocalRotation.z
      value: -0.49440375
      objectReference: {fileID: 0}
    - target: {fileID: -8679921383154817045, guid: 059f2d6b8ca0bf94d9b64eb68c8afc8e,
        type: 3}
      propertyPath: m_LocalRotation.w
      value: 0.5055343
      objectReference: {fileID: 0}
    - target: {fileID: -8679921383154817045, guid: 059f2d6b8ca0bf94d9b64eb68c8afc8e,
        type: 3}
      propertyPath: m_RootOrder
      value: 2
      objectReference: {fileID: 0}
    - target: {fileID: -8679921383154817045, guid: 059f2d6b8ca0bf94d9b64eb68c8afc8e,
        type: 3}
      propertyPath: m_LocalEulerAnglesHint.x
      value: -90.00001
      objectReference: {fileID: 0}
    - target: {fileID: -8679921383154817045, guid: 059f2d6b8ca0bf94d9b64eb68c8afc8e,
        type: 3}
      propertyPath: m_LocalEulerAnglesHint.y
      value: 0
      objectReference: {fileID: 0}
    - target: {fileID: -8679921383154817045, guid: 059f2d6b8ca0bf94d9b64eb68c8afc8e,
        type: 3}
      propertyPath: m_LocalEulerAnglesHint.z
      value: -88.725006
      objectReference: {fileID: 0}
    - target: {fileID: -8679921383154817045, guid: 059f2d6b8ca0bf94d9b64eb68c8afc8e,
        type: 3}
      propertyPath: m_LocalScale.x
      value: 1
      objectReference: {fileID: 0}
    - target: {fileID: -8679921383154817045, guid: 059f2d6b8ca0bf94d9b64eb68c8afc8e,
        type: 3}
      propertyPath: m_LocalScale.y
      value: -1
      objectReference: {fileID: 0}
    - target: {fileID: 919132149155446097, guid: 059f2d6b8ca0bf94d9b64eb68c8afc8e,
        type: 3}
      propertyPath: m_Name
      value: Floor_03
      objectReference: {fileID: 0}
    m_RemovedComponents: []
  m_SourcePrefab: {fileID: 100100000, guid: 059f2d6b8ca0bf94d9b64eb68c8afc8e, type: 3}
--- !u!4 &1734272409590311685 stripped
Transform:
  m_CorrespondingSourceObject: {fileID: -8679921383154817045, guid: 059f2d6b8ca0bf94d9b64eb68c8afc8e,
    type: 3}
  m_PrefabInstance: {fileID: 2277667938319813870}
  m_PrefabAsset: {fileID: 0}
--- !u!1001 &2277667938690733742
PrefabInstance:
  m_ObjectHideFlags: 0
  serializedVersion: 2
  m_Modification:
    m_TransformParent: {fileID: 2277667938024461474}
    m_Modifications:
    - target: {fileID: -8679921383154817045, guid: 059f2d6b8ca0bf94d9b64eb68c8afc8e,
        type: 3}
      propertyPath: m_LocalPosition.x
      value: -1.23
      objectReference: {fileID: 0}
    - target: {fileID: -8679921383154817045, guid: 059f2d6b8ca0bf94d9b64eb68c8afc8e,
        type: 3}
      propertyPath: m_LocalPosition.y
      value: -0.29797137
      objectReference: {fileID: 0}
    - target: {fileID: -8679921383154817045, guid: 059f2d6b8ca0bf94d9b64eb68c8afc8e,
        type: 3}
      propertyPath: m_LocalPosition.z
      value: -3.2500002
      objectReference: {fileID: 0}
    - target: {fileID: -8679921383154817045, guid: 059f2d6b8ca0bf94d9b64eb68c8afc8e,
        type: 3}
      propertyPath: m_LocalRotation.x
      value: 0.49778897
      objectReference: {fileID: 0}
    - target: {fileID: -8679921383154817045, guid: 059f2d6b8ca0bf94d9b64eb68c8afc8e,
        type: 3}
      propertyPath: m_LocalRotation.y
      value: -0.5021885
      objectReference: {fileID: 0}
    - target: {fileID: -8679921383154817045, guid: 059f2d6b8ca0bf94d9b64eb68c8afc8e,
        type: 3}
      propertyPath: m_LocalRotation.z
      value: -0.4970981
      objectReference: {fileID: 0}
    - target: {fileID: -8679921383154817045, guid: 059f2d6b8ca0bf94d9b64eb68c8afc8e,
        type: 3}
      propertyPath: m_LocalRotation.w
      value: -0.50289804
      objectReference: {fileID: 0}
    - target: {fileID: -8679921383154817045, guid: 059f2d6b8ca0bf94d9b64eb68c8afc8e,
        type: 3}
      propertyPath: m_RootOrder
      value: 5
      objectReference: {fileID: 0}
    - target: {fileID: -8679921383154817045, guid: 059f2d6b8ca0bf94d9b64eb68c8afc8e,
        type: 3}
      propertyPath: m_LocalEulerAnglesHint.x
      value: -89.41601
      objectReference: {fileID: 0}
    - target: {fileID: -8679921383154817045, guid: 059f2d6b8ca0bf94d9b64eb68c8afc8e,
        type: 3}
      propertyPath: m_LocalEulerAnglesHint.y
      value: -270.145
      objectReference: {fileID: 0}
    - target: {fileID: -8679921383154817045, guid: 059f2d6b8ca0bf94d9b64eb68c8afc8e,
        type: 3}
      propertyPath: m_LocalEulerAnglesHint.z
      value: 0.065000005
      objectReference: {fileID: 0}
    - target: {fileID: -8679921383154817045, guid: 059f2d6b8ca0bf94d9b64eb68c8afc8e,
        type: 3}
      propertyPath: m_LocalScale.x
      value: 1
      objectReference: {fileID: 0}
    - target: {fileID: -8679921383154817045, guid: 059f2d6b8ca0bf94d9b64eb68c8afc8e,
        type: 3}
      propertyPath: m_LocalScale.y
      value: -1
      objectReference: {fileID: 0}
    - target: {fileID: 919132149155446097, guid: 059f2d6b8ca0bf94d9b64eb68c8afc8e,
        type: 3}
      propertyPath: m_Name
      value: Floor_03 (1)
      objectReference: {fileID: 0}
    m_RemovedComponents: []
  m_SourcePrefab: {fileID: 100100000, guid: 059f2d6b8ca0bf94d9b64eb68c8afc8e, type: 3}
--- !u!4 &1734272409219395909 stripped
Transform:
  m_CorrespondingSourceObject: {fileID: -8679921383154817045, guid: 059f2d6b8ca0bf94d9b64eb68c8afc8e,
    type: 3}
  m_PrefabInstance: {fileID: 2277667938690733742}
  m_PrefabAsset: {fileID: 0}
--- !u!1001 &2277667939013590651
PrefabInstance:
  m_ObjectHideFlags: 0
  serializedVersion: 2
  m_Modification:
    m_TransformParent: {fileID: 2277667938024461474}
    m_Modifications:
    - target: {fileID: -8679921383154817045, guid: 1951fd0cefdd6684aaebf378429351e9,
        type: 3}
      propertyPath: m_LocalPosition.x
      value: -0.059999943
      objectReference: {fileID: 0}
    - target: {fileID: -8679921383154817045, guid: 1951fd0cefdd6684aaebf378429351e9,
        type: 3}
      propertyPath: m_LocalPosition.y
      value: -4.428
      objectReference: {fileID: 0}
    - target: {fileID: -8679921383154817045, guid: 1951fd0cefdd6684aaebf378429351e9,
        type: 3}
      propertyPath: m_LocalPosition.z
      value: -0.049999952
      objectReference: {fileID: 0}
    - target: {fileID: -8679921383154817045, guid: 1951fd0cefdd6684aaebf378429351e9,
        type: 3}
      propertyPath: m_LocalRotation.x
      value: -0.5
      objectReference: {fileID: 0}
    - target: {fileID: -8679921383154817045, guid: 1951fd0cefdd6684aaebf378429351e9,
        type: 3}
      propertyPath: m_LocalRotation.y
      value: 0.5
      objectReference: {fileID: 0}
    - target: {fileID: -8679921383154817045, guid: 1951fd0cefdd6684aaebf378429351e9,
        type: 3}
      propertyPath: m_LocalRotation.z
      value: 0.5
      objectReference: {fileID: 0}
    - target: {fileID: -8679921383154817045, guid: 1951fd0cefdd6684aaebf378429351e9,
        type: 3}
      propertyPath: m_LocalRotation.w
      value: 0.5
      objectReference: {fileID: 0}
    - target: {fileID: -8679921383154817045, guid: 1951fd0cefdd6684aaebf378429351e9,
        type: 3}
      propertyPath: m_RootOrder
      value: 0
      objectReference: {fileID: 0}
    - target: {fileID: -8679921383154817045, guid: 1951fd0cefdd6684aaebf378429351e9,
        type: 3}
      propertyPath: m_LocalEulerAnglesHint.x
      value: -90.00001
      objectReference: {fileID: 0}
    - target: {fileID: -8679921383154817045, guid: 1951fd0cefdd6684aaebf378429351e9,
        type: 3}
      propertyPath: m_LocalEulerAnglesHint.y
      value: 0
      objectReference: {fileID: 0}
    - target: {fileID: -8679921383154817045, guid: 1951fd0cefdd6684aaebf378429351e9,
        type: 3}
      propertyPath: m_LocalEulerAnglesHint.z
      value: 90
      objectReference: {fileID: 0}
    - target: {fileID: 919132149155446097, guid: 1951fd0cefdd6684aaebf378429351e9,
        type: 3}
      propertyPath: m_Name
      value: Wall_02
      objectReference: {fileID: 0}
    m_RemovedComponents: []
  m_SourcePrefab: {fileID: 100100000, guid: 1951fd0cefdd6684aaebf378429351e9, type: 3}
--- !u!4 &1734272408888416656 stripped
Transform:
  m_CorrespondingSourceObject: {fileID: -8679921383154817045, guid: 1951fd0cefdd6684aaebf378429351e9,
    type: 3}
  m_PrefabInstance: {fileID: 2277667939013590651}
  m_PrefabAsset: {fileID: 0}
--- !u!1001 &2277667939771516218
PrefabInstance:
  m_ObjectHideFlags: 0
  serializedVersion: 2
  m_Modification:
    m_TransformParent: {fileID: 2277667938024461474}
    m_Modifications:
    - target: {fileID: -8679921383154817045, guid: f86dbd1cf45f62d4fbdef1ce8bee5d1c,
        type: 3}
      propertyPath: m_LocalPosition.x
      value: -1.23
      objectReference: {fileID: 0}
    - target: {fileID: -8679921383154817045, guid: f86dbd1cf45f62d4fbdef1ce8bee5d1c,
        type: 3}
      propertyPath: m_LocalPosition.y
      value: -0.29799998
      objectReference: {fileID: 0}
    - target: {fileID: -8679921383154817045, guid: f86dbd1cf45f62d4fbdef1ce8bee5d1c,
        type: 3}
      propertyPath: m_LocalPosition.z
      value: 3.3
      objectReference: {fileID: 0}
    - target: {fileID: -8679921383154817045, guid: f86dbd1cf45f62d4fbdef1ce8bee5d1c,
        type: 3}
      propertyPath: m_LocalRotation.x
      value: -0.5
      objectReference: {fileID: 0}
    - target: {fileID: -8679921383154817045, guid: f86dbd1cf45f62d4fbdef1ce8bee5d1c,
        type: 3}
      propertyPath: m_LocalRotation.y
      value: -0.5
      objectReference: {fileID: 0}
    - target: {fileID: -8679921383154817045, guid: f86dbd1cf45f62d4fbdef1ce8bee5d1c,
        type: 3}
      propertyPath: m_LocalRotation.z
      value: -0.5
      objectReference: {fileID: 0}
    - target: {fileID: -8679921383154817045, guid: f86dbd1cf45f62d4fbdef1ce8bee5d1c,
        type: 3}
      propertyPath: m_LocalRotation.w
      value: 0.5
      objectReference: {fileID: 0}
    - target: {fileID: -8679921383154817045, guid: f86dbd1cf45f62d4fbdef1ce8bee5d1c,
        type: 3}
      propertyPath: m_RootOrder
      value: 4
      objectReference: {fileID: 0}
    - target: {fileID: -8679921383154817045, guid: f86dbd1cf45f62d4fbdef1ce8bee5d1c,
        type: 3}
      propertyPath: m_LocalEulerAnglesHint.x
      value: -90.00001
      objectReference: {fileID: 0}
    - target: {fileID: -8679921383154817045, guid: f86dbd1cf45f62d4fbdef1ce8bee5d1c,
        type: 3}
      propertyPath: m_LocalEulerAnglesHint.y
      value: 0
      objectReference: {fileID: 0}
    - target: {fileID: -8679921383154817045, guid: f86dbd1cf45f62d4fbdef1ce8bee5d1c,
        type: 3}
      propertyPath: m_LocalEulerAnglesHint.z
      value: -90
      objectReference: {fileID: 0}
    - target: {fileID: 919132149155446097, guid: f86dbd1cf45f62d4fbdef1ce8bee5d1c,
        type: 3}
      propertyPath: m_Name
      value: Floor_01
      objectReference: {fileID: 0}
    m_RemovedComponents: []
  m_SourcePrefab: {fileID: 100100000, guid: f86dbd1cf45f62d4fbdef1ce8bee5d1c, type: 3}
--- !u!4 &1734272408105116369 stripped
Transform:
  m_CorrespondingSourceObject: {fileID: -8679921383154817045, guid: f86dbd1cf45f62d4fbdef1ce8bee5d1c,
    type: 3}
  m_PrefabInstance: {fileID: 2277667939771516218}
  m_PrefabAsset: {fileID: 0}
--- !u!1001 &2277667939785851464
PrefabInstance:
  m_ObjectHideFlags: 0
  serializedVersion: 2
  m_Modification:
    m_TransformParent: {fileID: 2277667938024461474}
    m_Modifications:
    - target: {fileID: -8679921383154817045, guid: e8f9f57c47538cd4ab4a40a23a86680e,
        type: 3}
      propertyPath: m_LocalPosition.x
      value: 1.11
      objectReference: {fileID: 0}
    - target: {fileID: -8679921383154817045, guid: e8f9f57c47538cd4ab4a40a23a86680e,
        type: 3}
      propertyPath: m_LocalPosition.y
      value: -0.29799998
      objectReference: {fileID: 0}
    - target: {fileID: -8679921383154817045, guid: e8f9f57c47538cd4ab4a40a23a86680e,
        type: 3}
      propertyPath: m_LocalPosition.z
      value: -3.28
      objectReference: {fileID: 0}
    - target: {fileID: -8679921383154817045, guid: e8f9f57c47538cd4ab4a40a23a86680e,
        type: 3}
      propertyPath: m_LocalRotation.x
      value: -0.49933714
      objectReference: {fileID: 0}
    - target: {fileID: -8679921383154817045, guid: e8f9f57c47538cd4ab4a40a23a86680e,
        type: 3}
      propertyPath: m_LocalRotation.y
      value: 0.5006621
      objectReference: {fileID: 0}
    - target: {fileID: -8679921383154817045, guid: e8f9f57c47538cd4ab4a40a23a86680e,
        type: 3}
      propertyPath: m_LocalRotation.z
      value: 0.50066197
      objectReference: {fileID: 0}
    - target: {fileID: -8679921383154817045, guid: e8f9f57c47538cd4ab4a40a23a86680e,
        type: 3}
      propertyPath: m_LocalRotation.w
      value: 0.49933714
      objectReference: {fileID: 0}
    - target: {fileID: -8679921383154817045, guid: e8f9f57c47538cd4ab4a40a23a86680e,
        type: 3}
      propertyPath: m_RootOrder
      value: 3
      objectReference: {fileID: 0}
    - target: {fileID: -8679921383154817045, guid: e8f9f57c47538cd4ab4a40a23a86680e,
        type: 3}
      propertyPath: m_LocalEulerAnglesHint.x
      value: -90.00001
      objectReference: {fileID: 0}
    - target: {fileID: -8679921383154817045, guid: e8f9f57c47538cd4ab4a40a23a86680e,
        type: 3}
      propertyPath: m_LocalEulerAnglesHint.y
      value: 0
      objectReference: {fileID: 0}
    - target: {fileID: -8679921383154817045, guid: e8f9f57c47538cd4ab4a40a23a86680e,
        type: 3}
      propertyPath: m_LocalEulerAnglesHint.z
      value: 90.15201
      objectReference: {fileID: 0}
    - target: {fileID: 919132149155446097, guid: e8f9f57c47538cd4ab4a40a23a86680e,
        type: 3}
      propertyPath: m_Name
      value: Floor_02
      objectReference: {fileID: 0}
    m_RemovedComponents: []
  m_SourcePrefab: {fileID: 100100000, guid: e8f9f57c47538cd4ab4a40a23a86680e, type: 3}
--- !u!4 &1734272408116143523 stripped
Transform:
  m_CorrespondingSourceObject: {fileID: -8679921383154817045, guid: e8f9f57c47538cd4ab4a40a23a86680e,
    type: 3}
  m_PrefabInstance: {fileID: 2277667939785851464}
  m_PrefabAsset: {fileID: 0}
